@Online{als14,
	author = {Spark},
	title = {{ALS}},
	year = {2014},
	url = {http://spark.apache.org/docs/latest/api/scala/index.html#org.apache.spark.mllib.recommendation.ALS}}